@article{rnn,
  title     = {Finding structure in time},
  author    = {Elman, Jeffrey L},
  journal   = {Cognitive science},
  volume    = {14},
  number    = {2},
  pages     = {179--211},
  year      = {1990},
  publisher = {Wiley Online Library}
}
@article{lstm,
  title     = {Long short-term memory},
  author    = {Hochreiter, Sepp and Schmidhuber, J{\"u}rgen},
  journal   = {Neural computation},
  volume    = {9},
  number    = {8},
  pages     = {1735--1780},
  year      = {1997},
  publisher = {MIT press}
}
@misc{gru,
  title         = {Learning Phrase Representations using RNN Encoder-Decoder for Statistical Machine Translation},
  author        = {Kyunghyun Cho and Bart van Merrienboer and Caglar Gulcehre and Dzmitry Bahdanau and Fethi Bougares and Holger Schwenk and Yoshua Bengio},
  year          = {2014},
  eprint        = {1406.1078},
  archiveprefix = {arXiv},
  primaryclass  = {cs.CL}
}
@misc{attention,
  title         = {Neural Machine Translation by Jointly Learning to Align and Translate},
  author        = {Dzmitry Bahdanau and Kyunghyun Cho and Yoshua Bengio},
  year          = {2016},
  eprint        = {1409.0473},
  archiveprefix = {arXiv},
  primaryclass  = {cs.CL}
}
@article{attentionImageCaptioning,
  title     = {Neural attention for image captioning: review of outstanding methods},
  author    = {Zohourianshahzadi, Zanyar and Kalita, Jugal K},
  journal   = {Artificial Intelligence Review},
  volume    = {55},
  number    = {5},
  pages     = {3833--3862},
  year      = {2022},
  publisher = {Springer}
}

@misc{WikipediaEN:CNN,
  author       = {Wikipedia, the free encyclopedia},
  title        = {convolutional neural network},
  howpublished = {Dostęp zdalny (01.05.2023): \url{https://en.wikipedia.org/wiki/File:Typical_cnn.png}},
  year         = {2023}
}
@misc{WikipediaEN:RNN,
  author       = {Wikipedia, the free encyclopedia},
  title        = {Recurrent neural network},
  howpublished = {Dostęp zdalny (01.05.2023): \url{https://commons.wikimedia.org/wiki/File:Recurrent_neural_network_unfold.svg}},
  year         = {2023}
}
@article{vggnet,
  title   = {Very deep convolutional networks for large-scale image recognition},
  author  = {Simonyan, Karen and Zisserman, Andrew},
  journal = {arXiv preprint arXiv:1409.1556},
  year    = {2014}
}
@misc{wang2022git,
  title         = {GIT: A Generative Image-to-text Transformer for Vision and Language},
  author        = {Jianfeng Wang and Zhengyuan Yang and Xiaowei Hu and Linjie Li and Kevin Lin and Zhe Gan and Zicheng Liu and Ce Liu and Lijuan Wang},
  year          = {2022},
  eprint        = {2205.14100},
  archiveprefix = {arXiv},
  primaryclass  = {cs.CV}
}
@misc{wang2022ofa,
  title         = {OFA: Unifying Architectures, Tasks, and Modalities Through a Simple Sequence-to-Sequence Learning Framework},
  author        = {Peng Wang and An Yang and Rui Men and Junyang Lin and Shuai Bai and Zhikang Li and Jianxin Ma and Chang Zhou and Jingren Zhou and Hongxia Yang},
  year          = {2022},
  eprint        = {2202.03052},
  archiveprefix = {arXiv},
  primaryclass  = {cs.CV}
}
@inproceedings{cnn-compare,
  title        = {Performance analysis of GPU-based convolutional neural networks},
  author       = {Li, Xiaqing and Zhang, Guangyan and Huang, H Howie and Wang, Zhufan and Zheng, Weimin},
  booktitle    = {2016 45th International conference on parallel processing (ICPP)},
  pages        = {67--76},
  year         = {2016},
  organization = {IEEE}
}
@misc{rnn-compare,
  title         = {Optimizing Performance of Recurrent Neural Networks on GPUs},
  author        = {Jeremy Appleyard and Tomas Kocisky and Phil Blunsom},
  year          = {2016},
  eprint        = {1604.01946},
  archiveprefix = {arXiv},
  primaryclass  = {cs.LG}
}
@article{transformer,
  title   = {Attention is all you need},
  author  = {Vaswani, Ashish and Shazeer, Noam and Parmar, Niki and Uszkoreit, Jakob and Jones, Llion and Gomez, Aidan N and Kaiser, {\L}ukasz and Polosukhin, Illia},
  journal = {Advances in neural information processing systems},
  volume  = {30},
  year    = {2017}
}
@article{flickr30k,
  title     = {From image descriptions to visual denotations: New similarity metrics for semantic inference over event descriptions},
  author    = {Young, Peter and Lai, Alice and Hodosh, Micah and Hockenmaier, Julia},
  journal   = {Transactions of the Association for Computational Linguistics},
  volume    = {2},
  pages     = {67--78},
  year      = {2014},
  publisher = {MIT Press}
}
@article{mscoco,
  title   = {Microsoft coco captions: Data collection and evaluation server},
  author  = {Chen, Xinlei and Fang, Hao and Lin, Tsung-Yi and Vedantam, Ramakrishna and Gupta, Saurabh and Doll{\'a}r, Piotr and Zitnick, C Lawrence},
  journal = {arXiv preprint arXiv:1504.00325},
  year    = {2015}
}
@article{vit,
  title   = {An image is worth 16x16 words: Transformers for image recognition at scale},
  author  = {Dosovitskiy, Alexey and Beyer, Lucas and Kolesnikov, Alexander and Weissenborn, Dirk and Zhai, Xiaohua and Unterthiner, Thomas and Dehghani, Mostafa and Minderer, Matthias and Heigold, Georg and Gelly, Sylvain and others},
  journal = {arXiv preprint arXiv:2010.11929},
  year    = {2020}
}
@article{tfidf,
  title     = {Term-weighting approaches in automatic text retrieval},
  author    = {Salton, Gerard and Buckley, Christopher},
  journal   = {Information processing \& management},
  volume    = {24},
  number    = {5},
  pages     = {513--523},
  year      = {1988},
  publisher = {Elsevier}
}
@article{convnet,
  title     = {Gradient-based learning applied to document recognition},
  author    = {LeCun, Yann and Bottou, L{\'e}on and Bengio, Yoshua and Haffner, Patrick},
  journal   = {Proceedings of the IEEE},
  volume    = {86},
  number    = {11},
  pages     = {2278--2324},
  year      = {1998},
  publisher = {Ieee}
}
@article{cnn,
  title   = {Handwritten digit recognition with a back-propagation network},
  author  = {LeCun, Yann and Boser, Bernhard and Denker, John and Henderson, Donnie and Howard, Richard and Hubbard, Wayne and Jackel, Lawrence},
  journal = {Advances in neural information processing systems},
  volume  = {2},
  year    = {1989}
}
@inproceedings{bleu,
  title     = {Bleu: a method for automatic evaluation of machine translation},
  author    = {Papineni, Kishore and Roukos, Salim and Ward, Todd and Zhu, Wei-Jing},
  booktitle = {Proceedings of the 40th annual meeting of the Association for Computational Linguistics},
  pages     = {311--318},
  year      = {2002}
}
@inproceedings{meteor,
  title     = {METEOR: An automatic metric for MT evaluation with improved correlation with human judgments},
  author    = {Banerjee, Satanjeev and Lavie, Alon},
  booktitle = {Proceedings of the acl workshop on intrinsic and extrinsic evaluation measures for machine translation and/or summarization},
  pages     = {65--72},
  year      = {2005}
}
@inproceedings{cider,
  title     = {Cider: Consensus-based image description evaluation},
  author    = {Vedantam, Ramakrishna and Lawrence Zitnick, C and Parikh, Devi},
  booktitle = {Proceedings of the IEEE conference on computer vision and pattern recognition},
  pages     = {4566--4575},
  year      = {2015}
}
@inproceedings{resnet,
  title     = {Deep residual learning for image recognition},
  author    = {He, Kaiming and Zhang, Xiangyu and Ren, Shaoqing and Sun, Jian},
  booktitle = {Proceedings of the IEEE conference on computer vision and pattern recognition},
  pages     = {770--778},
  year      = {2016}
}
@incollection{pytorch,
  title     = {PyTorch: An Imperative Style, High-Performance Deep Learning Library},
  author    = {Paszke, Adam and Gross, Sam and Massa, Francisco and Lerer, Adam and Bradbury, James and Chanan, Gregory and Killeen, Trevor and Lin, Zeming and Gimelshein, Natalia and Antiga, Luca and Desmaison, Alban and Kopf, Andreas and Yang, Edward and DeVito, Zachary and Raison, Martin and Tejani, Alykhan and Chilamkurthy, Sasank and Steiner, Benoit and Fang, Lu and Bai, Junjie and Chintala, Soumith},
  booktitle = {Advances in Neural Information Processing Systems 32},
  pages     = {8024--8035},
  year      = {2019},
  publisher = {Curran Associates, Inc.},
  url       = {http://papers.neurips.cc/paper/9015-pytorch-an-imperative-style-high-performance-deep-learning-library.pdf}
} 
@inproceedings{wolf-etal-2020-transformers,
  title     = {Transformers: State-of-the-Art Natural Language Processing},
  author    = {Thomas Wolf and Lysandre Debut and Victor Sanh and Julien Chaumond and Clement Delangue and Anthony Moi and Pierric Cistac and Tim Rault and Rémi Louf and Morgan Funtowicz and Joe Davison and Sam Shleifer and Patrick von Platen and Clara Ma and Yacine Jernite and Julien Plu and Canwen Xu and Teven Le Scao and Sylvain Gugger and Mariama Drame and Quentin Lhoest and Alexander M. Rush},
  booktitle = {Proceedings of the 2020 Conference on Empirical Methods in Natural Language Processing: System Demonstrations},
  month     = oct,
  year      = {2020},
  address   = {Online},
  publisher = {Association for Computational Linguistics},
  url       = {https://www.aclweb.org/anthology/2020.emnlp-demos.6},
  pages     = {38--45}
}
@misc{distilbert,
  title         = {DistilBERT, a distilled version of BERT: smaller, faster, cheaper and lighter},
  author        = {Victor Sanh and Lysandre Debut and Julien Chaumond and Thomas Wolf},
  year          = {2020},
  eprint        = {1910.01108},
  archiveprefix = {arXiv},
  primaryclass  = {cs.CL}
}
@article{bert,
  title   = {Bert: Pre-training of deep bidirectional transformers for language understanding},
  author  = {Devlin, Jacob and Chang, Ming-Wei and Lee, Kenton and Toutanova, Kristina},
  journal = {arXiv preprint arXiv:1810.04805},
  year    = {2018}
}

@inproceedings{nic,
  title     = {Show and tell: A neural image caption generator},
  author    = {Vinyals, Oriol and Toshev, Alexander and Bengio, Samy and Erhan, Dumitru},
  booktitle = {Proceedings of the IEEE conference on computer vision and pattern recognition},
  pages     = {3156--3164},
  year      = {2015}
}
@misc{ioffe2015batch,
  title         = {Batch Normalization: Accelerating Deep Network Training by Reducing Internal Covariate Shift},
  author        = {Sergey Ioffe and Christian Szegedy},
  year          = {2015},
  eprint        = {1502.03167},
  archiveprefix = {arXiv},
  primaryclass  = {cs.LG}
}
@article{alexnet,
  title   = {ImageNet Classification with Deep Convolutional Neural Networks},
  author  = {Krizhevsky, Alex and Sutskever, Ilya and Hinton, Geoffrey E},
  journal = {Advances in neural information processing systems},
  volume  = {25},
  pages   = {1097--1105},
  year    = {2012}
}
@article{googlenet,
  title   = {Going Deeper with Convolutions},
  author  = {Szegedy, Christian and Liu, Wei and Jia, Yangqing and Sermanet, Pierre and Reed, Scott and Anguelov, Dragomir and Erhan, Dumitru and Vanhoucke, Vincent and Rabinovich, Andrew},
  journal = {Proceedings of the IEEE Conference on Computer Vision and Pattern Recognition (CVPR)},
  year    = {2015}
}
@inproceedings{vlp,
  title     = {Unified vision-language pre-training for image captioning and vqa},
  author    = {Zhou, Luowei and Palangi, Hamid and Zhang, Lei and Hu, Houdong and Corso, Jason and Gao, Jianfeng},
  booktitle = {Proceedings of the AAAI conference on artificial intelligence},
  volume    = {34},
  number    = {07},
  pages     = {13041--13049},
  year      = {2020}
}
@article{fnic,
  title   = {Fast image caption generation with position alignment},
  author  = {Fei, Zheng-cong},
  journal = {arXiv preprint arXiv:1912.06365},
  year    = {2019}
}
@inproceedings{concap,
  title     = {Controllable image captioning via prompting},
  author    = {Wang, Ning and Xie, Jiahao and Wu, Jihao and Jia, Mingbo and Li, Linlin},
  booktitle = {Proceedings of the AAAI Conference on Artificial Intelligence},
  volume    = {37},
  number    = {2},
  pages     = {2617--2625},
  year      = {2023}
}
